<?xml version="1.0" encoding="UTF-8"?><collection xmlns="http://www.loc.gov/MARC21/slim"><record><leader>00312nam--2200121-i-4500</leader><controlfield tag="001">000016659</controlfield><controlfield tag="002">20161230</controlfield><controlfield tag="005">20161230201031</controlfield><controlfield tag="008">060222s1000------------r-----000-0-eng-d</controlfield><datafield ind1=" " ind2=" " tag="100"><subfield code="a">Crisu, C-tin</subfield></datafield><datafield ind1=" " ind2=" " tag="245"><subfield code="a">Crisu-magraon, nicorina</subfield></datafield><datafield ind1=" " ind2=" " tag="260"><subfield code="a">Crisu , Stefan</subfield></datafield><datafield ind1=" " ind2=" " tag="490"><subfield code="a">Curtea De Arges, Editura Argesses, 1996. 775 P</subfield></datafield></record></collection>